@conference{SW:FuzzyIBE,
	author ={Amit Sahai and Brent Waters},
	title ={Fuzzy identity-based encryption},
	booktitle ={EUROCRYPT},
	year ={2005},
	pages ={457-473}
}

@conference{Shamir:IBC,
	author ={Adi Shamir},
	title ={Identity-based cryptosystems and signature schemes},
	booktitle ={CRYPTO},
	year ={1984},
	pages ={47-53}
}

@conference{BF:IBE,
	author ={Dan Boneh and Matthew K. Franklin},
	title ={Identity-based encryption from Weil Pairing},
	booktitle ={Advances in Crptology - CRYPTO},
	year ={2001},
	pages ={213-229}
}

@conference{Cocks:IBE,
	author ={Clifford Cocks},
	title ={An identity based encryption scheme based on quadratioc residues},
	booktitle ={IMA Int. Conf.},
	year ={2001},
	pages ={360-363}
}

@conference{CHK:fspk,
	author ={Ran Canetti, Shai Halevi and Jonathan Katz},
	title ={A forward-secure public-key encryption scheme},
	booktitle ={EUROCRYPT},
	year ={2004},
	pages ={255-271}
}

@conference{BB:IBE,
	author ={Dan Boneh and Xavier Boyen},
	title ={Efficient selective-id secure identity-base encryption based encryption without random oracles},
	booktitle ={EUROCRYPT},
	year ={2004},
	pages ={223-238}
}

@conference{GPSW:ABE,
	author ={Vipul Goyal, Omkant Pandey, Amit Sahai and Brent Waters},
	title ={Attribute-based encryption for fine-grained access control of encrypted data},
	booktitle ={ACM Conference on Computer and Communications Security},
	year ={2006},
	pages ={89-98}
}

@conference{BSW:CPABE,
	author ={John Bethencourt, Amit Sahai and Brent Waters},
	title ={Ciphertex-policy attribute-based encryption},
	booktitle ={IEEE Symposium on Security and Privacy},
	year ={2007},
	pages ={223-238}
}

@article{Shamir:SSS,
	author ={Adi Shamir},
	title ={How to share a secret},
	journal ={Commun. ACM},
	year ={1979},
	volume ={22},
	number ={11},
	pages ={612-613}
}

@conference{Blakley:SSS,
	author ={George Robert Blakley},
	title ={Safeguarding cryptographic keys},
	booktitle ={National Computer Conference},
	year ={1979},
	pages ={313-317},
	organization ={American Federation of Information Processing Societies Proceedings}
}

@phdthesis{Beimel:SSSS,
	author ={A. Beimel},
	title ={Secure Schemes for Secret Sharing and Key Distribution},
	school ={Israel Institute of Technology},
	year ={1996},
	address ={Technion, Haifa, Israel},
}

@conference{FO,
	author ={E. Fujisaki and T. Okamoto},
	title ={Secure integration of asymmetric and symmetric encryption schemes},
	booktitle ={CRYPTO},
	year ={1999},
	pages ={537-554},
}
@MISC{cpabe,
	author={Junwei Wang},
	title={cpabe},
	howpublished={\url{http://wakemecn.github.com/cpabe/}},
}
@misc{gpl,
	title={{GNU General Public License Version 2}},
	howpublished={\url{http://www.gnu.org/licenses/gpl-2.0.html}},
	moth={June},
	year={1991},
}
@misc{jPBC,
	author={GAS lab},
	title={{Java Pairing Based Cryptography Library}},
	howpublished={\url{http://gas.dia.unisa.it/projects/jpbc/contact.html}},
}
